<record><leader>00000cas a22000007a 4500</leader><controlfield tag="001">25691369</controlfield><controlfield tag="008">920422d19211923wyucr ne      0    0eng d</controlfield><controlfield tag="009">14262</controlfield><datafield ind1=" " ind2=" " tag="010"><subfield code="a">sn 92066996 </subfield></datafield><datafield ind1=" " ind2=" " tag="040"><subfield code="a">NVO</subfield><subfield code="b">eng</subfield><subfield code="c">NVO</subfield><subfield code="d">OCLCQ</subfield><subfield code="d">DLC</subfield><subfield code="d">OCLCF</subfield><subfield code="d">OCLCA</subfield></datafield><datafield ind1="1" ind2=" " tag="029"><subfield code="a">AU@</subfield><subfield code="b">000020705824</subfield></datafield><datafield ind1=" " ind2=" " tag="042"><subfield code="a">msc</subfield></datafield><datafield ind1="0" ind2="0" tag="050"><subfield code="a">Newspaper</subfield></datafield><datafield ind1="0" ind2=" " tag="130"><subfield code="a">Daily boomerang (Laramie, Wyo. : 1921 : Semiweekly)</subfield></datafield><datafield ind1="1" ind2="0" tag="245"><subfield code="a">Daily boomerang.</subfield></datafield><datafield ind1="1" ind2="3" tag="246"><subfield code="a">Laramie boomerang</subfield></datafield><datafield ind1="1" ind2="3" tag="246"><subfield code="a">Laramie daily boomerang</subfield></datafield><datafield ind1=" " ind2=" " tag="250"><subfield code="a">Country ed.</subfield></datafield><datafield ind1=" " ind2=" " tag="260"><subfield code="a">Laramie, Wyo. :</subfield><subfield code="b">Boomerang Print. Co.</subfield></datafield><datafield ind1=" " ind2=" " tag="300"><subfield code="a">v.</subfield></datafield><datafield ind1=" " ind2=" " tag="310"><subfield code="a">Semiweekly</subfield></datafield><datafield ind1="0" ind2=" " tag="362"><subfield code="a">Vol. 40 (July 28, 1921)-</subfield></datafield><datafield ind1="1" ind2=" " tag="362"><subfield code="a">Ceased with Sept. 28, 1923 issue.</subfield></datafield><datafield ind1=" " ind2=" " tag="515"><subfield code="a">Numbering is irregular; most issues have only date.</subfield></datafield><datafield ind1=" " ind2=" " tag="580"><subfield code="a">Daily eds.: Daily boomerang, July 26, 1921-Mar. 16, 1923; Laramie boomerang, Mar. 17-Sept. 29, 1923.</subfield></datafield><datafield ind1=" " ind2="0" tag="651"><subfield code="a">Laramie (Wyo.)</subfield><subfield code="v">Newspapers.</subfield></datafield><datafield ind1=" " ind2="0" tag="651"><subfield code="a">Albany County (Wyo.)</subfield><subfield code="v">Newspapers.</subfield></datafield><datafield ind1=" " ind2="7" tag="655"><subfield code="a">Newspapers.</subfield><subfield code="2">fast</subfield><subfield code="0">(OCoLC)fst01423814</subfield></datafield><datafield ind1=" " ind2="7" tag="651"><subfield code="a">Wyoming</subfield><subfield code="z">Albany County.</subfield><subfield code="2">fast</subfield><subfield code="0">(OCoLC)fst01222019</subfield></datafield><datafield ind1=" " ind2="7" tag="651"><subfield code="a">Wyoming</subfield><subfield code="z">Laramie.</subfield><subfield code="2">fast</subfield><subfield code="0">(OCoLC)fst01208818</subfield></datafield><datafield ind1=" " ind2=" " tag="752"><subfield code="a">United States</subfield><subfield code="b">Wyoming</subfield><subfield code="c">Albany</subfield><subfield code="d">Laramie.</subfield></datafield><datafield ind1="1" ind2=" " tag="775"><subfield code="t">Daily boomerang (Laramie, Wyo. : 1921 : Daily)</subfield><subfield code="w">(DLC)sn 92066999</subfield></datafield><datafield ind1="1" ind2=" " tag="775"><subfield code="t">Laramie boomerang (Laramie, Wyo. : 1923)</subfield><subfield code="w">(DLC)sn 92067000</subfield></datafield><datafield ind1="0" ind2="0" tag="780"><subfield code="t">Laramie boomerang (Laramie, Wyo. : 1917)</subfield><subfield code="w">(DLC)sn 86072190</subfield></datafield><datafield ind1="0" ind2="7" tag="785"><subfield code="t">Laramie Republican (Laramie, Wyo. : 1908)</subfield><subfield code="w">(DLC)sn 92066981</subfield></datafield><datafield ind1="0" ind2="7" tag="785"><subfield code="t">Laramie Republican and the Laramie boomerang (Laramie, Wyo. : 1923 : Semiweekly)</subfield><subfield code="w">(DLC)sn 92066989</subfield></datafield></record>